



@article{reuillon2013openmole,
  title={OpenMOLE, a workflow engine specifically tailored for the distributed exploration of simulation models},
  author={Reuillon, Romain and Leclaire, Mathieu and Rey-Coyrehourcq, Sebastien},
  journal={Future Generation Computer Systems},
  volume={29},
  number={8},
  pages={1981--1990},
  year={2013},
  publisher={Elsevier}
}

@article{batista2013high,
  title={A high-resolution population grid map for Europe},
  author={Batista e Silva, Filipe and Gallego, Javier and Lavalle, Carlo},
  journal={Journal of Maps},
  volume={9},
  number={1},
  pages={16--28},
  year={2013},
  publisher={Taylor \& Francis}
}


@phdthesis{mimeur:tel-01451164,
  TITLE = {{Les traces de la vitesse entre r{\'e}seau et territoire : approche g{\'e}ohistorique de la croissance du r{\'e}seau ferroviaire fran{\c c}ais}},
  AUTHOR = {Mimeur, Christophe},
  URL = {https://tel.archives-ouvertes.fr/tel-01451164},
  NUMBER = {2016DIJOL028},
  SCHOOL = {{Universit{\'e} de Bourgogne}},
  YEAR = {2016},
  MONTH = Dec,
  KEYWORDS = {Spatial Humanities ; Modelling ; Graph ; Railway network ; Space ; R{\'e}seau ferroviaire ; Territoire ; Graphe ; Mod{\'e}lisation ; G{\'e}ohistoire},
  TYPE = {Theses},
  PDF = {https://tel.archives-ouvertes.fr/tel-01451164v2/file/these_A_MIMEUR_Christophe_2016.pdf},
  HAL_ID = {tel-01451164},
  HAL_VERSION = {v2},
}


@article{queyroi2018biological,
  title={Biological and Shortest-Path Routing Procedures for Transportation Network Design},
  author={Queyroi, Fran{\c{c}}ois},
  journal={arXiv preprint arXiv:1803.03528},
  year={2018}
}


@article{florczyk2019ghsl,
  title={GHSL data package 2019},
  author={Florczyk, Aneta J and Corbane, Christina and Ehrlich, Daniele and Freire, Sergio and Kemper, Thomas and Maffenini, Luca and Melchiorri, Michele and Pesaresi, Martino and Politis, Panagiotis and Schiavina, Marcello and others},
  journal={Luxembourg, EUR},
  volume={29788},
  number={10.2760},
  pages={290498},
  year={2019}
}

@article{cherel2015beyond,
  title={Beyond corroboration: Strengthening model validation by looking for unexpected patterns},
  author={Ch{\'e}rel, Guillaume and Cottineau, Cl{\'e}mentine and Reuillon, Romain},
  journal={PloS one},
  volume={10},
  number={9},
  pages={e0138212},
  year={2015},
  publisher={Public Library of Science San Francisco, CA USA}
}



@incollection{raimbault2019urban,
  title={An urban morphogenesis model capturing interactions between networks and territories},
  author={Raimbault, Juste},
  booktitle={The mathematics of urban morphology},
  pages={383--409},
  year={2019},
  publisher={Springer}
}


@inproceedings{raimbault2018multi,
  title={Multi-modeling the morphogenesis of transportation networks},
  author={Raimbault, Juste},
  booktitle={Artificial Life Conference Proceedings},
  pages={382--383},
  year={2018},
  organization={MIT Press}
}

@article{barthelemy2009co,
  title={Co-evolution of density and topology in a simple model of city formation},
  author={Barth{\'e}lemy, Marc and Flammini, Alessandro},
  journal={Networks and spatial economics},
  volume={9},
  number={3},
  pages={401--425},
  year={2009},
  publisher={Springer}
}

@inproceedings{tirico2018morphogenesis,
  title={Morphogenesis of complex networks: A reaction diffusion framework for spatial graphs},
  author={Tirico, Michele and Balev, Stefan and Dutot, Antoine and Olivier, Damien},
  booktitle={International Conference on Complex Networks and their Applications},
  pages={769--781},
  year={2018},
  organization={Springer}
}


@article{raimbault2021introducing,
  title={Introducing endogenous transport provision in a LUTI model to explore polycentric governance systems},
  author={Raimbault, Juste and Le N{\'e}chet, Florent},
  journal={Journal of Transport Geography},
  volume={94},
  pages={103115},
  year={2021},
  publisher={Elsevier}
}

@book{xie2011evolving,
  title={Evolving transportation networks},
  author={Xie, Feng and Levinson, David},
  year={2011},
  publisher={Springer Science \& Business Media}
}


@article{xie2009modeling,
  title={Modeling the growth of transportation networks: A comprehensive review},
  author={Xie, Feng and Levinson, David},
  journal={Networks and Spatial Economics},
  volume={9},
  number={3},
  pages={291--307},
  year={2009},
  publisher={Springer}
}


@inproceedings{verdier2007extension,
  title={L'extension du r{\'e}seau des routes de poste en France, de 1708 {\`a} 1833},
  author={Verdier, Nicolas and Bretagnolle, Anne},
  booktitle={histoire des r{\'e}seaux postaux en Europe du XVIIIe au XXIe si{\`e}cle},
  pages={155--193},
  year={2007},
  organization={Comit{\'e} pour l'histoire de la Poste}
}

@article{ribeill1985aspects,
  title={Aspects du d{\'e}veloppement du r{\'e}seau ferr{\'e} fran{\c{c}}ais sur la longue dur{\'e}e. L'approche historique},
  author={Ribeill, Georges},
  journal={FLUX Cahiers scientifiques internationaux R{\'e}seaux et Territoires},
  volume={1},
  number={1},
  pages={10--25},
  year={1985},
  publisher={Pers{\'e}e-Portail des revues scientifiques en SHS},
  file={Biblio/DomainSpecific/NetworksTerritories/flux_1162-9630_1985_num_1_1_1595.pdf}
}


@article{wegener2004land,
  title={Land-use transport interaction: State of the art},
  author={Wegener, Michael and F{\"u}rst, Franz},
  journal={Available at SSRN 1434678},
  year={2004}
}

@incollection{pumain2021co,
  title={Co-evolution as the secret of urban complexity},
  author={Pumain, Denise},
  booktitle={Handbook on Cities and Complexity},
  year={2021},
  publisher={Edward Elgar Publishing}
}

@article{batty2007complexity,
  title={Complexity in city systems: Understanding, evolution, and design},
  author={Batty, Michael},
  journal={A plannerâ€™s encounter with complexity},
  pages={99--122},
  year={2007}
}

@inproceedings{raimbault2018systemes,
  title={Des syst{\`e}mes naturels aux syst{\`e}mes urbains: g{\'e}n{\'e}ration de r{\'e}seaux de transport optimaux par mod{\`e}le slime-mould},
  author={Raimbault, Juste},
  booktitle={BioMim Expo 2018},
  year={2018}
}

@article{molinero2020model,
  title={A model for the generation of road networks},
  author={Molinero, Carlos and Hernando, Alberto},
  journal={arXiv preprint arXiv:2001.08180},
  year={2020}
}

@article{raimbault2019second,
  title={Second-order control of complex systems with correlated synthetic data},
  author={Raimbault, Juste},
  journal={Complex Adaptive Systems Modeling},
  volume={7},
  number={1},
  pages={1--19},
  year={2019},
  publisher={Springer}
}

@incollection{raimbault2020unveiling,
  title={Unveiling co-evolutionary patterns in systems of cities: a systematic exploration of the simpopnet model},
  author={Raimbault, Juste},
  booktitle={Theories and Models of Urbanization},
  pages={261--278},
  year={2020},
  publisher={Springer}
}

@article{louf2013emergence,
  title={Emergence of hierarchy in cost-driven growth of spatial networks},
  author={Louf, R{\'e}mi and Jensen, Pablo and Barthelemy, Marc},
  journal={Proceedings of the National Academy of Sciences},
  volume={110},
  number={22},
  pages={8824--8829},
  year={2013},
  publisher={National Acad Sciences}
}

@article{barthelemy2013self,
  title={Self-organization versus top-down planning in the evolution of a city},
  author={Barthelemy, Marc and Bordin, Patricia and Berestycki, Henri and Gribaudi, Maurizio},
  journal={Scientific reports},
  volume={3},
  number={1},
  pages={1--8},
  year={2013},
  publisher={Nature Publishing Group}
}


@article{cats2021multi,
  title={Multi-modal network evolution in polycentric regions},
  author={Cats, Oded and Birch, Nigel},
  journal={Journal of Transport Geography},
  volume={96},
  pages={103159},
  year={2021},
  publisher={Elsevier},
  file={Biblio/DomainSpecific/NetworkGrowth/1-s2.0-S096669232100212X-main.pdf}
}


@misc{szell2021growing,
      title={Growing Urban Bicycle Networks},
      author={Michael Szell and Sayat Mimar and Tyler Perlman and Gourab Ghoshal and Roberta Sinatra},
      year={2021},
      eprint={2107.02185},
      archivePrefix={arXiv},
      primaryClass={physics.soc-ph},
      file={Biblio/DomainSpecific/NetworkGrowth/2107.02185.pdf}
}


@article{cats2020modelling,
  title={Modelling growth principles of metropolitan public transport networks},
  author={Cats, Oded and Vermeulen, Alex and Warnier, Martijn and van Lint, Hans},
  journal={Journal of Transport Geography},
  volume={82},
  pages={102567},
  year={2020},
  publisher={Elsevier},
  file={Biblio/DomainSpecific/NetworkGrowth/1-s2.0-S0966692319304168-main.pdf}
}

