
@article{raimbault2020comparison,
  title={A comparison of simple models for urban morphogenesis},
  author={Raimbault, Juste},
  journal={arXiv preprint arXiv:2008.13277},
  year={2020}
}


@article{reuillon2013openmole,
  title={OpenMOLE, a workflow engine specifically tailored for the distributed exploration of simulation models},
  author={Reuillon, Romain and Leclaire, Mathieu and Rey-Coyrehourcq, Sebastien},
  journal={Future Generation Computer Systems},
  volume={29},
  number={8},
  pages={1981--1990},
  year={2013},
  publisher={Elsevier}
}

@article{raimbault2019second,
  title={Second-order control of complex systems with correlated synthetic data},
  author={Raimbault, Juste},
  journal={Complex Adaptive Systems Modeling},
  volume={7},
  number={1},
  pages={1--19},
  year={2019},
  publisher={Springer}
}

@article{raimbault2020scala,
  title={A scala library for spatial sensitivity analysis},
  author={Raimbault, Juste and Perret, Julien and Reuillon, Romain},
  journal={arXiv preprint arXiv:2007.10667},
  year={2020}
}

@article{cherel2015beyond,
  title={Beyond corroboration: Strengthening model validation by looking for unexpected patterns},
  author={Ch{\'e}rel, Guillaume and Cottineau, Cl{\'e}mentine and Reuillon, Romain},
  journal={PloS one},
  volume={10},
  number={9},
  pages={e0138212},
  year={2015},
  publisher={Public Library of Science San Francisco, CA USA}
}

@inproceedings{raimbault2018multi,
  title={A multi-dimensional percolation approach to characterize sustainable mega-city regions},
  author={Raimbault, Juste},
  booktitle={MARAMI 2018},
  year={2018}
}

@incollection{raimbault2019urban,
  title={An urban morphogenesis model capturing interactions between networks and territories},
  author={Raimbault, Juste},
  booktitle={The mathematics of urban morphology},
  pages={383--409},
  year={2019},
  publisher={Springer}
}

@article{molinero2020model,
  title={A model for the generation of road networks},
  author={Molinero, Carlos and Hernando, Alberto},
  journal={arXiv preprint arXiv:2001.08180},
  year={2020}
}

@article{courtat2011mathematics,
  title={Mathematics and morphogenesis of cities: A geometrical approach},
  author={Courtat, Thomas and Gloaguen, Catherine and Douady, Stephane},
  journal={Physical Review E},
  volume={83},
  number={3},
  pages={036106},
  year={2011},
  publisher={APS}
}

@inproceedings{tirico2018morphogenesis,
  title={Morphogenesis of complex networks: A reaction diffusion framework for spatial graphs},
  author={Tirico, Michele and Balev, Stefan and Dutot, Antoine and Olivier, Damien},
  booktitle={International Conference on Complex Networks and their Applications},
  pages={769--781},
  year={2018},
  organization={Springer}
}

@article{raimbault2021introducing,
  title={Introducing endogenous transport provision in a LUTI model to explore polycentric governance systems},
  author={Raimbault, Juste and Le N{\'e}chet, Florent},
  journal={Journal of Transport Geography},
  volume={94},
  pages={103115},
  year={2021},
  publisher={Elsevier}
}

@inproceedings{dupuy1987vers,
  title={Vers une th{\'e}orie territoriale des r{\'e}seaux: une application au transport urbain},
  author={Dupuy, Gabriel},
  booktitle={Annales de g{\'e}ographie},
  pages={658--679},
  year={1987},
  organization={JSTOR}
}


@article{barthelemy2013self,
  title={Self-organization versus top-down planning in the evolution of a city},
  author={Barthelemy, Marc and Bordin, Patricia and Berestycki, Henri and Gribaudi, Maurizio},
  journal={Scientific reports},
  volume={3},
  number={1},
  pages={1--8},
  year={2013},
  publisher={Nature Publishing Group}
}

@inproceedings{raimbault2018systemes,
  title={Des syst{\`e}mes naturels aux syst{\`e}mes urbains: g{\'e}n{\'e}ration de r{\'e}seaux de transport optimaux par mod{\`e}le slime-mould},
  author={Raimbault, Juste},
  booktitle={BioMim Expo 2018},
  year={2018}
}

@article{tero2010rules,
  title={Rules for biologically inspired adaptive network design},
  author={Tero, Atsushi and Takagi, Seiji and Saigusa, Tetsu and Ito, Kentaro and Bebber, Dan P and Fricker, Mark D and Yumiki, Kenji and Kobayashi, Ryo and Nakagaki, Toshiyuki},
  journal={Science},
  volume={327},
  number={5964},
  pages={439--442},
  year={2010},
  publisher={American Association for the Advancement of Science}
}

@article{louf2013emergence,
  title={Emergence of hierarchy in cost-driven growth of spatial networks},
  author={Louf, R{\'e}mi and Jensen, Pablo and Barthelemy, Marc},
  journal={Proceedings of the National Academy of Sciences},
  volume={110},
  number={22},
  pages={8824--8829},
  year={2013},
  publisher={National Acad Sciences}
}


@phdthesis{schmitt2014modelisation,
  title={Mod{\'e}lisation de la dynamique des syst{\`e}mes de peuplement: de SimpopLocal {\`a} SimpopNet},
  author={Schmitt, Clara},
  year={2014},
  school={Universit{\'e} Panth{\'e}on-Sorbonne-Paris I}
}


@article{cats2021multi,
  title={Multi-modal network evolution in polycentric regions},
  author={Cats, Oded and Birch, Nigel},
  journal={Journal of Transport Geography},
  volume={96},
  pages={103159},
  year={2021},
  publisher={Elsevier},
  file={Biblio/DomainSpecific/NetworkGrowth/1-s2.0-S096669232100212X-main.pdf}
}


@misc{szell2021growing,
      title={Growing Urban Bicycle Networks},
      author={Michael Szell and Sayat Mimar and Tyler Perlman and Gourab Ghoshal and Roberta Sinatra},
      year={2021},
      eprint={2107.02185},
      archivePrefix={arXiv},
      primaryClass={physics.soc-ph},
      file={Biblio/DomainSpecific/NetworkGrowth/2107.02185.pdf}
}


@article{cats2020modelling,
  title={Modelling growth principles of metropolitan public transport networks},
  author={Cats, Oded and Vermeulen, Alex and Warnier, Martijn and van Lint, Hans},
  journal={Journal of Transport Geography},
  volume={82},
  pages={102567},
  year={2020},
  publisher={Elsevier},
  file={Biblio/DomainSpecific/NetworkGrowth/1-s2.0-S0966692319304168-main.pdf}
}

