

@article{cats2020modelling,
  title={Modelling growth principles of metropolitan public transport networks},
  author={Cats, Oded and Vermeulen, Alex and Warnier, Martijn and van Lint, Hans},
  journal={Journal of Transport Geography},
  volume={82},
  pages={102567},
  year={2020},
  publisher={Elsevier},
  file={Biblio/DomainSpecific/NetworkGrowth/1-s2.0-S0966692319304168-main.pdf}
}

